
@inproceedings{Angelix,
 author = {Mechtaev, Sergey and Yi, Jooyong and Roychoudhury, Abhik},
 title = {Angelix: Scalable Multiline Program Patch Synthesis via Symbolic Analysis},
 booktitle = {Proceedings of the 38th International Conference on Software Engineering},
 series = {ICSE '16},
 year = {2016},
 isbn = {978-1-4503-3900-1},
 pages = {691--701},
 numpages = {11},
 doi = {10.1145/2884781.2884807},
 acmid = {2884807},
 keywords = {angelic forest, multiline patch, program repair, scalable semantics-based repair},
} 


@inproceedings{Prophet,
 author = {Long, Fan and Rinard, Martin},
 title = {Automatic Patch Generation by Learning Correct Code},
 booktitle = {Proceedings of the 43rd Annual ACM SIGPLAN-SIGACT Symposium on Principles of Programming Languages},
 series = {POPL '16},
 year = {2016},
 isbn = {978-1-4503-3549-2},
 pages = {298--312},
 numpages = {15},
 url = {http://doi.acm.org/10.1145/2837614.2837617},
 doi = {10.1145/2837614.2837617},
 acmid = {2837617},
} 

@inproceedings{Genprog,
  author    = {Claire {Le Goues} and
               Michael Dewey-Vogt and
               Stephanie Forrest and
               Westley Weimer},
  title     = {A systematic study of automated program repair: Fixing 55
               out of 105 bugs for \$8 each},
  year      = {2012},
  pages     = {3-13},
  ee        = {http://dx.doi.org/10.1109/ICSE.2012.6227211},
  editor    = {Martin Glinz and
               Gail C. Murphy and
               Mauro Pezz{\`e}},
  booktitle     = {International Conference on Software Engineering},
  publisher = {IEEE},
  isbn      = {978-1-4673-1067-3},
  bibsource = {DBLP, http://dblp.uni-trier.de}
}

@inproceedings{SPR,
 author = {Long, Fan and Rinard, Martin},
 title = {Staged Program Repair with Condition Synthesis},
 booktitle = {Proceedings of the 2015 10th Joint Meeting on Foundations of Software Engineering},
 series = {ESEC/FSE 2015},
 year = {2015},
 isbn = {978-1-4503-3675-8},
 location = {Bergamo, Italy},
 pages = {166--178},
 numpages = {13},
 url = {http://doi.acm.org/10.1145/2786805.2786811},
 doi = {10.1145/2786805.2786811},
 acmid = {2786811},
 publisher = {ACM},
 address = {New York, NY, USA},
 keywords = {Condition synthesis, Program repair, Staged repair},
} 

@inproceedings{SearchRepair,
  author = {Yalin Ke and Kathryn T. Stolee and Claire {Le Goues} and Yuriy Brun},
  title = {Repairing Programs with Semantic Code Search},
  booktitle = {Proceedings of the 30th IEEE/ACM International Conference on
  Automated Software Engineering (ASE)}, 
	venue = {ASE},
  date = {9--13},
  year = {2015},
  doi = {10.1109/ASE.2015.60},  
  pages = {295--306},
}

@INPROCEEDINGS{hdrepair, 
author={X. B. D. Le and D. Lo and C. Le~Goues}, 
booktitle={IEEE 23rd International Conference on Software Analysis, Evolution, and Reengineering (SANER)}, 
title={History Driven Program Repair}, 
year={2016}, 
volume={1}, 
pages={213--224}, 
doi={10.1109/SANER.2016.76}, 
}

@inproceedings{PAR,
 author = {Kim, Dongsun and Nam, Jaechang and Song, Jaewoo and Kim, Sunghun},
 title = {Automatic Patch Generation Learned from Human-written Patches},
 booktitle = {Proceedings of the 2013 International Conference on Software Engineering},
 series = {ICSE '13},
 year = {2013},
 isbn = {978-1-4673-3076-3},
 pages = {802--811},
 numpages = {10},
 url = {http://dl.acm.org/citation.cfm?id=2486788.2486893},
 acmid = {2486893},
} 

@article{Benchmarks,
  author = {Claire {Le Goues} and Neal Holtschulte and Edward K. Smith and
  Yuriy Brun and Premkumar Devanbu and Stephanie Forrest and Westley Weimer},
  title = {The
  ManyBugs and IntroClass Benchmarks for Automated Repair of C Programs},
  journal = {IEEE Transactions on Software Engineering (TSE)},
  venue = {TSE},
  year = {2015},
  issn = {0098-5589},
  volume = {41},
  number = {12},
  month = {December},
  pages = {1236--1256},
  doi = {10.1109/TSE.2015.2454513},
}

@article{challenges,
author = {Claire {Le Goues} and Stephanie Forrest and Westley Weimer},
title = {Current Challenges in Automatic Software Repair},
journal ={Software Quality Jornal},
volume = {21},
issue = {3},
year = {2013},
pages = {421-443},
}

@inproceedings{searchspace,
 author = {Long, Fan and Rinard, Martin},
 title = {An Analysis of the Search Spaces for Generate and Validate Patch Generation Systems},
 booktitle = {Proceedings of the 38th International Conference on Software Engineering},
 series = {ICSE '16},
 year = {2016},
 isbn = {978-1-4503-3900-1},
 pages = {702--713},
 numpages = {12},
 url = {http://doi.acm.org/10.1145/2884781.2884872},
 doi = {10.1145/2884781.2884872},
 acmid = {2884872},
} 


@inproceedings{plausibility,
 author = {Qi, Zichao and Long, Fan and Achour, Sara and Rinard, Martin},
 title = {An Analysis of Patch Plausibility and Correctness for Generate-and-validate Patch Generation Systems},
 booktitle = {Proceedings of the 2015 International Symposium on Software Testing and Analysis},
 series = {ISSTA 2015},
 year = {2015},
 isbn = {978-1-4503-3620-8},
 pages = {24--36},
 numpages = {13},
 url = {http://doi.acm.org/10.1145/2771783.2771791},
} 


@article{MLN,
 author = {Richardson, Matthew and Domingos, Pedro},
 title = {Markov Logic Networks},
 journal = {Mach. Learn.},
 issue_date = {February  2006},
 volume = {62},
 number = {1-2},
 month = feb,
 year = {2006},
 issn = {0885-6125},
 pages = {107--136},
 numpages = {30},
 url = {http://dx.doi.org/10.1007/s10994-006-5833-1},
 doi = {10.1007/s10994-006-5833-1},
 acmid = {1113910},
} 

@mastersthesis{srthesis,
author = {Ke, Yalin},
title = {An automated approach to program repair with semantic code search},
school = {Iowa State University},
department = {CS },
year = {2015} }
